@misc{attention_anomalies,
      title={Attention Guided Anomaly Localization in Images}, 
      author={Shashanka Venkataramanan and Kuan-Chuan Peng and Rajat Vikram Singh and Abhijit Mahalanobis},
      year={2020},
      eprint={1911.08616},
      archivePrefix={arXiv},
      primaryClass={cs.CV}
}

@INPROCEEDINGS{anomaly_feedback,
  author={Zhao, Zilong and Cerf, Sophie and Robu, Bogdan and Marchand, Nicolas},
  booktitle={2019 IEEE Conference on Control Technology and Applications (CCTA)}, 
  title={Feedback Control for Online Training of Neural Networks}, 
  year={2019},
  volume={},
  number={},
  pages={136-141},
  doi={10.1109/CCTA.2019.8920662}}

@inproceedings{wta_detection,
author = {Tran, HTM and Hogg, David},
year = {2017},
month = {09},
pages = {},
title = {Anomaly Detection using a Convolutional Winner-Take-All Autoencoder},
doi = {10.5244/C.31.139}
}

@article{grad_cam,
  author    = {Ramprasaath R. Selvaraju and
               Abhishek Das and
               Ramakrishna Vedantam and
               Michael Cogswell and
               Devi Parikh and
               Dhruv Batra},
  title     = {Grad-CAM: Why did you say that? Visual Explanations from Deep Networks
               via Gradient-based Localization},
  journal   = {CoRR},
  volume    = {abs/1610.02391},
  year      = {2016},
  url       = {http://arxiv.org/abs/1610.02391},
  archivePrefix = {arXiv},
  eprint    = {1610.02391},
  timestamp = {Mon, 13 Aug 2018 16:46:58 +0200},
  biburl    = {https://dblp.org/rec/journals/corr/SelvarajuDVCPB16.bib},
  bibsource = {dblp computer science bibliography, https://dblp.org}
}