@article{brown2019a,
  author = {Brown, M. and Nowotarski, C.J.},
  title = {The Influence of Lifting Condensation Level on Low-Level Outflow and Rotation in Simulated Supercell Thunderstorms},
  volume = {76},
  doi = {10.1175/JAS-D-18-0216.1},
  date = {2019},
  pages = {1349–1372},
  language = {en},
  journal = {1},
  number = {5}
}
@article{ding2014a,
  author = {Ding, Y. and Xu, C. and Fang, C. and Xiang, Z. and Hai, Z.},
  title = {Very-short term forecast of global horizontal irradiance based on ground-based sky imager and lifted condensation level calculation},
  volume = {2014-December:973-978},
  doi = {10.1109/CICED.2014.6991849},
  date = {2014},
  language = {en},
  journal = {2}
}
@article{wittmann2008a,
  author = {Wittmann, M. and Breitkreuz, H. and Schroedter-Homscheidt, M. and Eck, M.},
  title = {Case studies on the use of solar irradiance forecast for optimized operation strategies of solar thermal power plants},
  volume = {1},
  doi = {10.1109/JSTARS.2008.2001152},
  date = {2008},
  pages = {18–27},
  language = {en},
  journal = {3},
  number = {1}
}
@incollection{nueve-a,
  author = {Nueve, E. and Jackson, R. and Sankaran, R. and Ferrier, N. and WeatherNet, Collis S.},
  title = {Nowcasting Net Radiation at the Edge},
  language = {en},
  booktitle = {4}
}
@article{ukkonen2019a,
  author = {Ukkonen, P. and Mäkelä, A.},
  title = {Evaluation of Machine Learning Classifiers for Predicting Deep Convection},
  volume = {11},
  doi = {10.1029/2018MS001561},
  date = {2019},
  pages = {1784–1802},
  language = {en},
  journal = {5},
  number = {6}
}
@article{voyant2017a,
  author = {Voyant, C. and Notton, G. and Kalogirou, S.},
  title = {Machine learning methods for solar radiation forecasting: A review},
  volume = {105},
  doi = {10.1016/J.RENENE.2016.12.095},
  date = {2017},
  pages = {569–582},
  language = {en},
  journal = {6}
}
@article{lou2016a,
  author = {Lou, S. and Li, D.H.W. and Lam, J.C. and Chan, W.W.H.},
  title = {Prediction of diffuse solar irradiance using machine learning and multivariable regression},
  volume = {181},
  doi = {10.1016/J.APENERGY.2016.08.093},
  date = {2016},
  pages = {367–374},
  language = {en},
  journal = {7}
}
@article{dazhi2012a,
  author = {Dazhi, Y. and Jirutitijaroen, P. and Walsh, W.M.},
  title = {Hourly solar irradiance time series forecasting using cloud cover index},
  volume = {86},
  doi = {10.1016/j.solener.2012.07.029},
  date = {2012},
  pages = {3531–3543},
  language = {en},
  journal = {8}
}
@article{gentine2018a,
  author = {Gentine, P. and Pritchard, M. and Rasp, S. and Reinaudi, G. and Yacalis, G.},
  title = {Could Machine Learning Break the Convection Parameterization Deadlock?},
  volume = {45},
  doi = {10.1029/2018GL078202},
  date = {2018},
  pages = {5742–5751},
  language = {en},
  journal = {9},
  number = {11}
}
@article{ishida2020a,
  author = {Ishida, K. and Tsujimoto, G. and Ercan, A. and Tu, T. and Kiyama, M. and Amagasaki, M.},
  title = {Hourly-scale coastal sea level modeling in a changing climate using long short-term memory neural network},
  volume = {720},
  doi = {10.1016/J.SCITOTENV.2020.137613},
  date = {2020},
  language = {en},
  journal = {10},
  number = {137613}
}
